<?xml version="1.0" encoding="UTF-8"?><collection xmlns="http://www.loc.gov/MARC21/slim"><record><leader>00459nam--2200169-i-4500</leader><controlfield tag="001">000006016</controlfield><controlfield tag="002">20161230</controlfield><controlfield tag="005">20161230201026</controlfield><controlfield tag="008">060222s1000------------r-----000-0-eng-d</controlfield><datafield ind1=" " ind2=" " tag="040"><subfield code="a">IFIN-HH</subfield></datafield><datafield ind1="1" ind2=" " tag="100"><subfield code="a">Bartlett, M.S</subfield></datafield><datafield ind1="1" ind2="0" tag="245"><subfield code="a">Essays on probability and statistics</subfield><subfield code="c">M.S. Bartlett</subfield></datafield><datafield ind1=" " ind2=" " tag="260"><subfield code="a">London, Methuen And Co., Ltd., 1962</subfield></datafield><datafield ind1=" " ind2=" " tag="300"><subfield code="a">VIII + 127 P</subfield></datafield><datafield ind1=" " ind2=" " tag="650"><subfield code="a">Mathematical Statistics</subfield></datafield><datafield ind1=" " ind2=" " tag="852"><subfield code="a">17880</subfield><subfield code="c">519.2</subfield></datafield><datafield ind1=" " ind2=" " tag="CAT"><subfield code="a">Sys</subfield><subfield code="c">20100518</subfield><subfield code="h">152327</subfield></datafield></record></collection>